Automatically generated by Mendeley Desktop 1.13.4
Any changes to this file will be lost if it is regenerated by Mendeley.

BibTeX export options can be customized via Options -> BibTeX in Mendeley Desktop

@inproceedings{Beyer2011,
author = {Beyer, Dirk and Keremoglu, M. Erkan},
title = {{CPAchecker: A tool for configurable software verification}},
booktitle = {Proc. CAV},
series = {LNCS},
volume = {6806},
pages = {184--190},
publisher = {Springer},
year = {2011},
isbn = {9783642221095},
issn = {03029743}
}
@inproceedings{Beyer2007,
author = {Beyer, Dirk and Henzinger, Thomas a. and Th\'{e}oduloz, Gr\'{e}gory},
title = {{Configurable Software Verification: Concretizing the Convergence of Model Checking and Program Analysis}},
booktitle = {Proc. CAV},
series = {LNCS},
volume = {4590},
pages = {504--518},
publisher = {Springer},
year = {2007},
isbn = {978-3-540-73367-6},
issn = {03029743}
}
@inproceedings{Beyer2013,
author = {Beyer, Dirk and L\"{o}we, Stefan},
title = {{Explicit-State Software Model Checking Based on CEGAR and Interpolation}},
booktitle = {Proc. FASE},
series = {LNCS},
volume = {7793},
pages = {146--162},
publisher = {Springer},
year = {2013}
}
@inproceedings{SV-COMP2013,
author = {Beyer, Dirk},
title = {{Second Competition on Software Verification (Summary of SV-COMP 2013)}},
booktitle = {Proc. TACAS},
series = {LNCS},
volume = {7795},
pages = {594--609},
publisher = {Springer},
year = {2013}
}
@inproceedings{SV-COMP2014,
author = {Beyer, Dirk},
title = {{Status Report on Software Verification (Competition Summary SV-COMP 2014)}},
booktitle = {Proc. TACAS},
series = {LNCS},
volume = {8413},
pages = {373--388},
publisher = {Springer},
year = {2014}
}
@inproceedings{SV-COMP2015,
author = {Beyer, Dirk},
title = {{Software Verification and Verifiable Witnesses (Report on SV-COMP 2015)}},
booktitle = {Proc. TACAS},
series = {LNCS},
publisher = {Springer},
year = {2015},
note = {(To appear)}
}
@misc{SV15Tasks,
author = {Beyer, Dirk},
title = {{SV-COMP15: Benchmark Verification Tasks}},
year = {2015},
howpublished = "\url{http://sv-comp.sosy-lab.org/2015/benchmarks.php}",
note = {Last checked: 03.31.2015}
}
@inproceedings{Slaby2013,
author = {Slaby, Jiri and Strej\v{c}ek, Jan and Trt\'{i}k, Marek},
title = {{Compact Symbolic Execution}},
booktitle = {Proc. ATVA},
series = {LNCS},
pages = {193--207},
publisher = {Springer},
year = {2013}
}
